
@misc{pul:lab,
  author = {Walter D. Pullen},
  title = {Think Labyrinth: Maze Algorithms},
  month = nov,
  year = {2015},
  url = {http://www.astrolog.org/labyrnth/algrithm.htm}
}

@article{span,
  title = {The Uniform Spanning Tree and related models},
  author = {Antal A. Járai},
  year = {2009},
  month = 12,
  url = {http://www.maths.bath.ac.uk/\textasciitilde aj276/teaching/USF/\\USFnotes.pdf}
}

@article{ald,
  author = {David J. Aldous},
  title = {A random walk construction of uniform spanning trees and uniform labelled trees},
  journal = {SIAM Journal on Discrete Mathematics},
  year = {1990},
  volume = {3},
  pages = {450--465},
  issn = {0895-4801}
}

@InProceedings{pic,
  author = {Yoshio Okamoto and Ryuhei Uehara},
  title = {How to make a picturesque maze},
  booktitle = {Proceedings of the 21st Canadian Conference on Computational Geometry (CCCG2009)},
  year      = {2009},
  pages     = {137--140},
  url = {http://cccg.ca/proceedings/2009/cccg09\_36.pdf}
}

@inproceedings{ped,
  author = {Pedersen, Hans and Singh, Karan},
  title = {Organic Labyrinths and Mazes},
  booktitle = {Proceedings of the 4th International Symposium on Non-photorealistic Animation and Rendering},
  year = {2006},
  isbn = {1-59593-357-3},
  pages = {79--86},
  numpages = {8}
} 

@book{hrom,
  title={Theoretical Computer Science: Introduction to Automata, Computability, Complexity, Algorithmics, Randomization, Communication, and Cryptography},
  author={Hromkovi{\v{c}}, J.},
  isbn={9783540140153},
  series={Texts in Theoretical Computer Science. An EATCS Series},
  year={2003},
  publisher={Springer Berlin Heidelberg}
}

@misc{wiki,
   author = {Wikipedia},
   title = {Labyrinth},
   year = {2015},
   url = {http://en.wikipedia.org/wiki/Labyrinth},
   note = {Navštíveno 4. 11. 2015}
 }


@InBook{3d,
  year={2006},
  isbn={978-3-540-47331-2},
  booktitle={Simulated Evolution and Learning},
  volume={4247},
  series={Lecture Notes in Computer Science},
  title={Generation of a Large Variety of 3-Dimensional Maze Problems with a Genetic Algorithm},
  publisher={Springer Berlin Heidelberg},
  author={Akashi, Ryujiro and Fujiimoto, Yoshiji},
  pages={806-813}
}

@article{Lee20102528,
  title = {A perfect maze based steganographic method},
  journal = {Journal of Systems and Software},
  volume = {83},
  number = {12},
  pages = {2528 - 2535},
  year = {2010},
  issn = {0164-1212},
  author = {Hui-Lung Lee and Chia-Feng Lee and Ling-Hwei Chen}
}


@InBook{game,
  year={2015},
  isbn={978-3-319-14802-1},
  booktitle={Artificial Life and Computational Intelligence},
  volume={8955},
  series={Lecture Notes in Computer Science},
  title={Evolving Cellular Automata for Maze Generation},
  publisher={Springer International Publishing},
  author={Pech, Andrew and Hingston, Philip and Masek, Martin and Lam, ChiouPeng},
  pages={112-124}
}

@misc{gal,
  author = {Zbyněk Křivka and Tomáš Masopust},
  title = {Grafové algoritmy -- slidy k přednáškám předmětu GAL},
  year = {2015},
  url = {http://www.fit.vutbr.cz/study/courses/\\GAL/public/gal-slides.pdf},
}

@MasterThesis{fol,
  author       = {Martin Foltin}, 
  title        = {Automated Maze Generation and Human Interaction},
  year         = 2011,
  address = {Brno},
  school = {Masarykova Univerzita, Fakulta Informatiky}
}

@MasterThesis{mat,
  author       = {Petr Matějka}, 
  title        = {Algoritmy pro generování a řešení bludišť},
  year         = 2012,
  address = {Brno},
  school = {Masarykova Univerzita, Fakulta Informatiky}
}

