@InBook{cpa,
  year={2011},
  isbn={978-3-642-22109-5},
  booktitle={Computer Aided Verification},
  volume={6806},
  series={Lecture Notes in Computer Science},
  editor={Gopalakrishnan, Ganesh and Qadeer, Shaz},
  title={CPAchecker: A Tool for Configurable Software Verification},
  publisher={Springer Berlin Heidelberg},
  author={Beyer, Dirk and Keremoglu, M.Erkan},
  pages={184-190}
}

@Article{lbe,
  author    = {Dirk Beyer and
               Alessandro Cimatti and
               Alberto Griggio and
               M. Erkan Keremoglu and
               Roberto Sebastiani},
  title     = {Software Model Checking via Large-Block Encoding},
  journal   = {CoRR},
  volume    = {abs/0904.4709},
  year      = {2009}
}

@InBook{alg,
year={2007},
isbn={978-3-540-73367-6},
booktitle={Computer Aided Verification},
volume={4590},
series={Lecture Notes in Computer Science},
title={Configurable Software Verification: Concretizing the Convergence of Model Checking and Program Analysis},
publisher={Springer Berlin Heidelberg},
author={Beyer, Dirk and Henzinger, ThomasA. and Théoduloz, Grégory},
pages={504-518}
}

@Article{bql,
    author = {Beyer, Dirk and Chlipala, Adam J. and Henzinger, Thomas A. and Jhala, Ranjit and Majumdar, Rupak},
    journal = {Static Analysis},
    pages = {2--18},
    title = {{The Blast Query Language for Software Verification}},
    year = {2004}
}

@misc{brent1,
  title = {Pollard Rho Brent Integer Factorization},
  howpublished = {\texttt{https://comeoncodeon.wordpress.com\\/2010/09/18/pollard-rho-brent-integer-factorization/}},
  note = {Poslední přístup: 15. 4. 2016}
}

@misc{rho,
  title = {Pollard's rho algorithm},
  howpublished = {\texttt{https://en.wikipedia.org/wiki/\\Pollard\%27s\_rho\_algorithm}},
  note = {Poslední přístup: 13. 4. 2016}
}

@misc{jac,
  title = {Jacobi Symbol Algorithm},
  howpublished = {\texttt{http://2000clicks.com/mathhelp/\\NumberTh27JacobiSymbolAlgorithm.aspx}},
  note = {Poslední přístup: 13. 4. 2016}
}

@article{ref1,
  author="Brent, Richard P.",
  title="An improved Monte Carlo factorization algorithm",
  journal="BIT Numerical Mathematics",
  volume="20",
  number="2",
  pages="176--184",
  issn="1572-9125"
}

@book{nech,
  author={James Nechvatal},
  title={Public Key Cryptography},
  series={NIST Special Publication 800-2},
  publisher={National Institute of Standards and Technology, Gaithersburg, MD 20899},
  year={1991}
}
