 
@article{mapa1,
author = {{Gas Infrastructure Europe, ENTSOG}},
title = {System development map},
year = {2013},
note = {[Online]},
url = {http://www.gie.eu/download/maps/ENTSOG-GIE\_SYSDEV\_MAP2013.pdf}
}

@article{speed,
author = {{FNB Gas}},
title = {Facts and figures},
year = {2014},
note = {[Online]},
url = {http://www.fnb-gas.de/en/transmission-systems/fac\\ts-and-figures/facts-and-figures.html}
}

@article{zeebrugge,
author = {{Hydrocarbons Technology}},
title = {Zeebrugge LNG Terminal, Belgium},
year = {2014},
note = {[Online]},
url = {http://www.hydrocarbons-technology.com/projects/zeebrugge-terminal/}
}

@article{rotterdam,
author = {{Gate Terminal}},
title = {Gate terminal Rotterdam},
year = {2014},
note = {[Online]},
url = {http://www.gate.nl/en/gate-terminal.html}
}

@article{prouza,
author = {Petr Prouza},
title = {Česká republika a její připojení na nové LNG terminály -- posílení plynové bezpečnosti},
year = {2012},
note = {[Online]},
url = {https://is.cuni.cz/webapps/zzp/detail/113848/}
}

@article{usa,
author = {Jason Bordoff, Trevor Houser},
title = {American Gas to the Rescue?},
year = {2014},
note = {[Online]},
url = {http://energypolicy.columbia.edu/sites/default/files/energy/CG\\EP\_American\%20Gas\%20to\%20the\%20Rescue\%3F.pdf}
}

@article{kollsnes,
author = {Statoil},
title = {Kollsnes gas processing plant},
year = {2013},
note = {[Online]},
url = {http://www.statoil.com/en/OurOperations/TerminalsRefining/Proc\\essComplexKollsnes/Pages/default.aspx}
}

@article{info,
author = {{International Energy Agency}},
title = {NATURAL GAS INFORMATION 2014 edition},
year = {2013},
note = {[Online]},
url = {http://wds.iea.org/wds/pdf/Gas\_documentation.pdf}
}

@article{mapa2,
author = {{Gas Infrastructure Europe, ENTSOG}},
title = {Capacity map},
year = {2013},
note = {[Online]},
url = {http://www.entsog.eu/public/uploads/files/maps/tr\\ansmissioncapacity/2014/ENTSOG\_140612\_CAP\_JUNE2014.pdf}
}

@article{peringer,
author = {Petr Peringer},
title = {Slidy k přednáškám předmětu Modelování a simulace (IMS)},
year = {2013},
note = {[Online]},
url = {https://www.fit.vutbr.cz/study/courses/IMS/public/prednasky/IMS.pdf}
}

