@INPROCEEDINGS{Merkle00antcolony,
    author = {Daniel Merkle and Martin Middendorf and Hartmut Schmeck},
    title = {Ant Colony Optimization for Resource-Constrained Project Scheduling},
    booktitle = {IEEE Transactions on Evolutionary Computation},
    year = {2000},
    pages = {893--900},
    publisher = {Morgan Kaufmann},
    url={http://citeseerx.ist.psu.edu/viewdoc/download?doi=10.1\\.1.541.9369\&rep=rep1\&type=pdf}
}

@ARTICLE{1027745,
author={D. Merkle and M. Middendorf and H. Schmeck},
journal={IEEE Transactions on Evolutionary Computation},
title={Ant colony optimization for resource-constrained project scheduling},
year={2002},
volume={6},
number={4},
pages={333-346},
ISSN={1089-778X}
}

@Inbook{Kolisch1999,
author="Kolisch, Rainer
and Hartmann, S{\"o}nke",
editor="W{\k{e}}glarz, Jan",
chapter="Heuristic Algorithms for the Resource-Constrained Project Scheduling Problem: Classification and Computational Analysis",
title="Project Scheduling: Recent Models, Algorithms and Applications",
year="1999",
publisher="Springer US",
address="Boston, MA",
pages="147--178",
isbn="978-1-4615-5533-9"
}

@article{Blum2005353,
title = "Ant colony optimization: Introduction and recent trends ",
journal = "Physics of Life Reviews ",
volume = "2",
number = "4",
pages = "353 - 373",
year = "2005",
issn = "1571-0645",
author = "Christian Blum"
}

@article{peringer,
author = {Petr Peringer},
title = {Slidy k přednáškám předmětu Modelování a simulace (IMS)},
year = {2016},
note = {[Online]},
url = {https://www.fit.vutbr.cz/study/courses/IMS/public/\\prednasky/IMS.pdf}
}

@article{peringer2,
author = {Petr Peringer},
title = {Slidy k přednáškám předmětu Simulační nástroje a techniky (SNT)},
year = {2016},
note = {[Online]},
url = {https://www.fit.vutbr.cz/study/courses/SNT/public/\\Prednasky/SNT.pdf}
}



@article{DBLP:journals/jcp/LiuY11a,
  author    = {Chunfeng Liu and
               Shanlin Yang},
  title     = {A Serial Insertion Schedule Generation Scheme for Resource-constrained
               Project Scheduling},
  journal   = {{JCP}},
  volume    = {6},
  number    = {11},
  pages     = {2365--2375},
  year      = {2011}
}



