

@article {ECTA:ECTA667,
author = {Savani, Rahul and von Stengel, Bernhard},
title = {Hard-to-Solve Bimatrix Games},
journal = {Econometrica},
volume = {74},
number = {2},
publisher = {Blackwell Publishing Ltd},
issn = {1468-0262},
pages = {397--429},
year = {2006}
}

@book{Leyton-Brown:2008:EGT:1481632,
 author = {Leyton-Brown, Kevin and Shoham, Yoav},
 title = {Essentials of Game Theory: A Concise, Multidisciplinary Introduction},
 year = {2008},
 isbn = {1598295934, 9781598295931},
 edition = {1st},
 publisher = {Morgan and Claypool Publishers}
} 

@misc{Daskalakis,
  author        = {Constantinos Daskalakis},
  title         = {MIT Lecture notes: Games, Decision, and Computation},
  month         = {February},
  year          = {2015},
  publisher={MIT},
  url = {https://stellar.mit.edu/S/course/6/sp15/6.891/courseMaterial/\\topics/topic1/lectureNotes/lec2/lec2.pdf}
}

@inproceedings{dp,
  title = "The Complexity of Computing a Nash Equilibrium",
  author = "Constantinos Daskalakis and Paul W. Goldberg and Christos H. Papadimitriou",
  year = "2006",
  booktitle = "STOC",
}

@inproceedings{Lipton:2003:PLG:779928.779933,
 author = {Lipton, Richard J. and Markakis, Evangelos and Mehta, Aranyak},
 title = {Playing Large Games Using Simple Strategies},
 booktitle = {Proceedings of the 4th ACM Conference on Electronic Commerce},
 series = {EC '03},
 year = {2003},
 isbn = {1-58113-679-X},
 pages = {36--41},
 numpages = {6},
 publisher = {ACM},
 address = {New York, NY, USA}
} 

@article{DASKALAKIS20091581,
title = "A note on approximate Nash equilibria",
journal = "Theoretical Computer Science",
volume = "410",
number = "17",
pages = "1581 - 1588",
year = "2009",
issn = "0304-3975",
author = "Constantinos Daskalakis and Aranyak Mehta and Christos Papadimitriou"
}

@Inbook{Tsaknakis2007,
author="Tsaknakis, Haralampos and Spirakis, Paul G.",
title="An Optimization Approach for Approximate Nash Equilibria",
bookTitle="Internet and Network Economics: Third International Workshop, WINE 2007, San Diego, CA, USA, December 12-14, 2007. Proceedings",
year="2007",
publisher="Springer Berlin Heidelberg",
address="Berlin, Heidelberg",
pages="42--56",
isbn="978-3-540-77105-0"
}

@article{Kontogiannis:2010:WSA:1773434.1773437,
 author = {Kontogiannis, Spyros C. and Spirakis, Paul G.},
 title = {Well Supported Approximate Equilibria in Bimatrix Games},
 journal = {Algorithmica},
 volume = {57},
 number = {4},
 month = aug,
 year = {2010},
 issn = {0178-4617},
 pages = {653--667},
 numpages = {15},
 publisher = {Springer-Verlag New York, Inc.}
}

@article{DBLP:journals/corr/abs-1204-0707,
  author    = {John Fearnley and
               Paul W. Goldberg and
               Rahul Savani and
               Troels Bjerre S{\o}rensen},
  title     = {Approximate Well-supported Nash Equilibria below Two-thirds},
  journal   = {CoRR},
  volume    = {abs/1204.0707v2},
  year      = {2014},
  url       = {http://arxiv.org/abs/1204.0707v2}
}

@Inbook{Boryczka2013,
author="Boryczka, Urszula and Juszczuk, Przemyslaw",
editor="Nguyen, Ngoc Thanh",
title="Differential Evolution as a New Method of Computing Nash Equilibria",
bookTitle="Transactions on Computational Collective Intelligence IX",
year="2013",
publisher="Springer Berlin Heidelberg",
address="Berlin, Heidelberg",
pages="192--216",
isbn="978-3-642-36815-8"
}

@book{Nisan:2007:AGT:1296179,
 author = {Nisan, Noam and Roughgarden, Tim and Tardos, Eva and Vazirani, Vijay V.},
 title = {Algorithmic Game Theory},
 year = {2007},
 isbn = {978-0-521-87282-9},
 publisher = {Cambridge University Press},
 address = {New York, NY, USA},
} 




